% This file was created with JabRef 2.10b2.
% Encoding: UTF8


@Article{alipour2011mathematical,
  Title                    = {Mathematical models and numerical schemes for the simulation of human phonation},
  Author                   = {Alipour, Fariborz and Brucker, Christoph and Cook, D. Douglas and Gommel, Andreas and Kaltenbacher, Manfred and Mattheus, Willy and Mongeau, Luc and Nauman, Eric and Schwarze, Rudiger and Tokuda, Isao and others},
  ISSN                     = {1574-8936},
  Journal                  = {Current Bioinformatics},
  Number                   = {3},
  Pages                    = {323--343},
  Volume                   = {6},
  Year                     = {2011},

  Publisher                = {Bentham Science Publishers},
  Review                   = {Shrnující porovnání různých modelů hlasivky}
}

@Article{alipour2012measurement,
  Title                    = {Measurement of vocal folds elastic properties for continuum modeling},
  Author                   = {Alipour, Fariborz and Vigmostad, Sarah},
  ISSN                     = {0892-1997},
  Journal                  = {Journal of Voice},
  Number                   = {6},
  Pages                    = {816--e21},
  Volume                   = {26},
  Year                     = {2012},

  File                     = {:hlasivky/alipour-vlastnosti.pdf:PDF},
  Publisher                = {Elsevier},
  Url                      = {http://www.ritsumei.ac.jp/~isao/Papers/Alipour_Model_CBIO2011.pdf}
}

@Book{ayachit2015paraview,
  Title                    = {The ParaView Guide: A Parallel Visualization Application},
  Author                   = {Ayachit, Utkarsh},
  ISBN                     = {978-1930934306},
  Location                 = {Clifton Park (NY, USA) },
  Publisher                = {Kitware, Inc.},
  Year                     = {2015}
}

@Article{baiocchi1993v,
  Title                    = {Virtual bubbles and the Galerkin-least squares method},
  Author                   = {Baiocchi, C. and Brezzi, F. and Franca, L. P.},
  ISSN                     = {0045-7825},
  Journal                  = {Computer Methods in Applied Mechanics and Engineering},
  Pages                    = {125-141},
  Volume                   = {105},
  Year                     = {1993}
}

@Book{bazilevs2013computational,
  Title                    = {Computational fluid-structure interaction: methods and applications},
  Author                   = {Bazilevs, Yuri and Takizawa, Kenji and Tezduyar, Tayfun E},
  ISBN                     = {978-0-470-97877-1},
  Location                 = {Chichester (UK)},
  Publisher                = {John Wiley \& Sons},
  Year                     = {2013},

  File                     = {:numerika/(Wiley Series in Computational Mechanics) Yuri Bazilevs, Kenji Takizawa, Tayfun E. Tezduyar-Computational Fluid-Structure Interaction_ Methods and Applications-Wiley-Blackwell (2013).pdf:PDF}
}

@PhdThesis{birken2013numerical,
  Title                    = {Numerical methods for the unsteady compressible Navier-Stokes equations},
  Author                   = {Birken, Philipp},
  School                   = {Kassel, Univ.},
  Year                     = {2013},
  Note                     = {Habilitační práce na Universität Kassel, Německo},

  Url                      = {https://kobra.bibliothek.uni-kassel.de/bitstream/urn:nbn:de:hebis:34-2013013042485/3/BirkenHabilitation.pdf}
}

@Article{braack2014directional,
  Title                    = {Directional do-nothing condition for the Navier-Stokes equations},
  Author                   = {Braack, Malte and Mucha, Piotr Boguslaw and Zajaczkowski, Wojciech M},
  ISSN                     = {0254-9409},
  Journal                  = {Journal of Computational Mathematics},
  Number                   = {5},
  Pages                    = {507--521},
  Volume                   = {32},
  Year                     = {2014},

  File                     = {:numerika/directional-condition.pdf:PDF}
}

@Book{Brdicka1959,
  Title                    = {Mechanika kontinua},
  Author                   = {Brdička, Miroslav},
  ISBN                     = {978-80-200-2039-0},
  Location                 = {Praha},
  Publisher                = {Nakladatelství československé akademie věd},
  Year                     = {1959},

  Owner                    = {jakub},
  Timestamp                = {2014.02.28}
}

@Article{bruneau2001towards,
  Title                    = {Towards a transparent boundary condition for compressible Navier--Stokes equations},
  Author                   = {Bruneau, Charles-Henri and Creusé, Emmanuel},
  ISSN                     = {1097-0363},
  Journal                  = {International journal for numerical methods in fluids},
  Number                   = {7},
  Pages                    = {807--840},
  Volume                   = {36},
  Year                     = {2001},

  Publisher                = {Wiley Online Library}
}

@Article{de2002glottal,
  Title                    = {Glottal flow through a two-mass model: comparison of Navier--Stokes solutions with simplified models},
  Author                   = {De Vries, MP and Schutte, HK and Veldman, AEP and Verkerke, GJ},
  ISSN                     = {0001-4966},
  Journal                  = {The Journal of the Acoustical Society of America},
  Number                   = {4},
  Pages                    = {1847--1853},
  Volume                   = {111},
  Year                     = {2002},

  File                     = {:hlasivky/2002JAcoustSocAmdeVries.pdf:PDF},
  Publisher                = {Acoustical Society of America}
}

@Book{donea2003finite,
  Title                    = {Finite element methods for flow problems},
  Author                   = {Donea, Jean and Huerta, Antonio},
  ISBN                     = {978-0-471-49666-3},
  Location                 = {Chichester},
  Publisher                = {John Wiley \& Sons},
  Year                     = {2003}
}

@InCollection{donea2004arbitrary,
  Title                    = {Arbitrary lagrangian--eulerian methods},
  Author                   = {Donea, Jean and Huerta, Antonio and Ponthot, J-Ph and Rodríguez-Ferran, Antonio},
  Booktitle                = {Encyclopedia of Computational Mechanics},
  Publisher                = {John Wiley \& Sons},
  Year                     = {2004},
  Pages                    = {413--437},

  ISBN                     = {0-470-84699-2},
  Location                 = {New York}
}

@Book{Drabkova2007,
  Title                    = {Mechanika tekutin},
  Author                   = {Drábková, Sylva},
  ISBN                     = {978-80-248-1508-4},
  Location                 = {Ostrava},
  Publisher                = {Ediční středisko VŠB-TUO},
  Year                     = {2007},

  Owner                    = {jakub},
  Timestamp                = {2016.04.25}
}

@PhdThesis{duran2000numerical,
  Title                    = {A numerical formulation to solve the ALE Navier-Stokes equations applied to the withdrawal of magma chambers},
  Author                   = {Duran, Arnau Folch and Rovira, Ramon Codina and Molist, Joan Martí},
  Year                     = {2000},
  Note                     = {Dizertační práce na Universitat Politècnica de Catalunya, Španělsko}
}

@Article{erath2010investigation,
  Title                    = {An investigation of asymmetric flow features in a scaled-up driven model of the human vocal folds},
  Author                   = {Erath, Byron D and Plesniak, Michael W},
  ISSN                     = {0723-4864},
  Journal                  = {Experiments in Fluids},
  Number                   = {1},
  Pages                    = {131--146},
  Volume                   = {49},
  Year                     = {2010},

  Publisher                = {Springer},
  Review                   = {Zkoumá jet pomocí PIV, s asymetrií}
}

@Book{Feistauer2006,
  Title                    = {Theory and Numerics for Problems of Fluid Dynamics},
  Author                   = {Feistauer, M},
  ISBN                     = {nepřiděleno},
  Location                 = {Praha},
  Publisher                = {Charles University in Prague. Faculty of Mathematics and Physics},
  Year                     = {2006},

  Owner                    = {jakub},
  Timestamp                = {2016.03.16}
}

@Book{compFlow,
  Title                    = {Mathematical and Computational Methods for Compressible Flow},
  Author                   = {Feistauer, M and Felcman J and Straškraba, I},
  ISBN                     = {0-19-850588-4},
  Location                 = {Oxford},
  Publisher                = {Clarendon Press},
  Year                     = {2003},

  Owner                    = {jakub},
  Timestamp                = {2015.10.25}
}

@InCollection{Feistauer2014,
  Title                    = {Numerical Simulation of Fluid-Structure Interaction Problems with Applications to Flow in Vocal Folds},
  Author                   = {Feistauer, M and Sváček, P and Jaromír, H},
  Booktitle                = {Fluid-Structure Interaction and Biomedical Applications},
  Publisher                = {Springer},
  Year                     = {2014},
  Chapter                  = {5},
  Editor                   = {Bodnár, Tomáš and Galdi, Giovanni P and Nečasová, Šárka},

  File                     = {:hlasivky/nacasova-extract.pdf:PDF},
  ISBN                     = {978-30348-0821-7},
  Owner                    = {jakub},
  Timestamp                = {2015.11.29}
}

@Article{fouchet2014artificial,
  Title                    = {Artificial boundaries and formulations for the incompressible Navier--Stokes equations: applications to air and blood flows},
  Author                   = {Fouchet-Incaux, Justine},
  ISSN                     = {2254-3902},
  Journal                  = {SeMA Journal},
  Number                   = {1},
  Pages                    = {1--40},
  Volume                   = {64},
  Year                     = {2014},

  File                     = {:numerika/_fouchet_artificialBCandFormulations_hal.pdf:PDF},
  Publisher                = {Springer}
}

@Article{FRANCA1992209,
  Title                    = {Stabilized finite element methods: II. The incompressible Navier-Stokes equations},
  Author                   = {Leopoldo P. Franca and Sérgio L. Frey},
  ISSN                     = {0045-7825},
  Journal                  = {Computer Methods in Applied Mechanics and Engineering},
  Number                   = {2},
  Pages                    = {209 - 233},
  Volume                   = {99},
  Year                     = {1992},

  Abstract                 = {Stabilized methods are proposed and analyzed for a linearized form of the incompressible Navier-Stokes equations. The methods are extended and tested for the nonlinear model. The methods combine the good features of stabilized methods already proposed for the Stokes flow and for advective-diffusive flows. These methods also generalize previous works restricted to low-order interpolations, thus allowing any combination of velocity and continuous pressure interpolations. A careful design of the stability parameters is suggested which considerably simplifies these generalizations.},
  Doi                      = {http://dx.doi.org/10.1016/0045-7825(92)90041-H},
  File                     = {:numerika/ScienceDirect/1-s2.0-004578259290041H-main.pdf:PDF},
  Owner                    = {jakub},
  Timestamp                = {2016.03.05}
}

@PhdThesis{Gabriel2003,
  Title                    = {Numerical Solution of Large Displacement Contact Problems by the Finite Element Method},
  Author                   = {Gabriel, Dušan},
  Year                     = {2003},
  Note                     = {Dizertační práce na Českém vysokém učení technickém v Praze, Česká republika},

  Owner                    = {jakub},
  Timestamp                = {2016.03.01}
}

@Article{Gmsh2009,
  Title                    = {Gmsh: a three-dimensional finite element mesh generator with built-in pre- and post-processing facilities},
  Author                   = {Geuzaine, C. and Remacle, J.-F.},
  ISSN                     = {0029-5981},
  Journal                  = {International Journal for Numerical Methods in Engineering},
  Number                   = {11},
  Pages                    = {1309--1331},
  Volume                   = {79},
  Year                     = {2009},

  Journaltitle             = {International Journal for Numerical Methods in Engineering},
  Owner                    = {jakub},
  Publisher                = {Wiley Online Library},
  Timestamp                = {2014.12.25}
}

@Book{Gray1918,
  Title                    = {Anatomy of the Human Body},
  Author                   = {Gray, Henry},
  ISBN                     = {1-58734-102-6},
  Location                 = {Philadelphia},
  Publisher                = {Lea \& Febiger},
  Year                     = {1918},

  Owner                    = {jakub},
  Timestamp                = {2015.12.13}
}

@Article{gresho1991some,
  Title                    = {Some current CFD issues relevant to the incompressible Navier-Stokes equations},
  Author                   = {Gresho, Philip M},
  ISSN                     = {0045-7825},
  Journal                  = {Computer Methods in Applied Mechanics and Engineering},
  Number                   = {2},
  Pages                    = {201--252},
  Volume                   = {87},
  Year                     = {1991},

  File                     = {:math/POUM_NS_Gresho90.pdf:PDF},
  Publisher                = {Elsevier}
}

@PhdThesis{Hasnedlova2012,
  Title                    = {Fluid-structure interaction of compressible flow},
  Author                   = {Hasnedlová, Jaroslava},
  Year                     = {2012},
  Note                     = {Dizertační práce na Matematicko-fyzikální fakultě UK v Praze, Česká republika},

  Institution              = {Charles University in Prague},
  Owner                    = {jakub},
  Timestamp                = {2015.01.04}
}

@Book{Horacek2016,
  Author                   = {Horáček, J.},
  Note                     = {Osobní sdělení dr. Horáčka, ÚT AVČR. Duben 2016.},

  Owner                    = {jakub},
  Timestamp                = {2016.05.05}
}

@InProceedings{horacek2009piv,
  Title                    = {PIV measurement of flow-patterns in human vocal tract model},
  Author                   = {Horácek, J and Šidlof, P and Uruba, V and Veselý, J and Radolf, V and Bula, V},
  Booktitle                = {Proceedings of the international conference on acoustic NAG/DAGA},
  Year                     = {2009},
  Pages                    = {1737--1740}
}

@Article{horacek2010coherent,
  Title                    = {Coherent structures in the flow inside a model of the human vocal tract with self-oscillating vocal folds},
  Author                   = {Horáček, Jaromír and Šidlof, Petr and Uruba, Václav and Veselý, Jan and Radolf, Vojtěch and Bula, Vítězslav},
  ISSN                     = {0001-7043},
  Journal                  = {Acta technica ČSAV},
  Number                   = {4},
  Pages                    = {327--343},
  Volume                   = {55},
  Year                     = {2010},

  Publisher                = {Institute of Thermomechanics}
}

@Article{horavcek2002aeroelastic,
  Title                    = {Aeroelastic model of vocal-fold-shaped vibrating element for studying the phonation threshold},
  Author                   = {Horáček, J and Švec, JG},
  ISSN                     = {0889-9746},
  Journal                  = {Journal of Fluids and Structures},
  Number                   = {7},
  Pages                    = {931--955},
  Volume                   = {16},
  Year                     = {2002},

  Publisher                = {Elsevier},
  Review                   = {2-tělesová simulace}
}

@Book{hron2006monolithic,
  Title                    = {A monolithic FEM/multigrid solver for an ALE formulation of fluid-structure interaction with applications in biomechanics},
  Author                   = {Hron, Jaroslav and Turek, Stefan},
  ISBN                     = {978-3-540-34595-4},
  Location                 = {Berlin Heidelberg},
  Publisher                = {Springer},
  Year                     = {2006}
}

@Electronic{Hunter2016,
  Title                    = {National Repository for Laryngeal Data},
  Author                   = {Hunter, E and others},
  Note                     = {Online repozitář dat o hrtanu},
  Url                      = {http://www.nrld.org/},
  Year                     = {2016},

  Owner                    = {jakub},
  Timestamp                = {2016.05.10}
}

@Article{Hunter:2007,
  Title                    = {Matplotlib: A 2D graphics environment},
  Author                   = {Hunter, J. D.},
  ISSN                     = {1521-9615},
  Journal                  = {Computing In Science \& Engineering},
  Number                   = {3},
  Pages                    = {90--95},
  Volume                   = {9},
  Year                     = {2007},

  Abstract                 = {Matplotlib is a 2D graphics package used for Python for application development, interactive scripting, and publication-quality image generation across user interfaces and operating systems.},
  Publisher                = {IEEE COMPUTER SOC}
}

@Article{ishizaka1972synthesis,
  Title                    = {Synthesis of voiced sounds from a two-mass model of the vocal cords},
  Author                   = {Ishizaka, Kenzo and Flanagan, James L},
  ISSN                     = {0005-8580},
  Journal                  = {Bell system technical journal},
  Number                   = {6},
  Pages                    = {1233--1268},
  Volume                   = {51},
  Year                     = {1972},

  Publisher                = {Wiley Online Library}
}

@Misc{Jones2001,
  Title                    = {{SciPy}: Open source scientific tools for {Python}},

  Author                   = {Eric Jones and Travis Oliphant and Pearu Peterson and others},
  Note                     = {[Online; accessed 2016-05-10]},
  Year                     = {2001--},

  Url                      = {http://www.scipy.org/}
}

@Misc{klima2009vypovctove,
  Title                    = {Výpočtové modelování funkce lidských hlasivek},

  Author                   = {Klíma, J},
  Note                     = {Diplomová práce na VUT v Brně, Česká republika},
  Year                     = {2009},

  Publisher                = {Brno: VUT v Brně, Fakulta strojního inženýrství},
  Url                      = {https://www.vutbr.cz/www_base/zav_prace_soubor_verejne.php?file_id=16763}
}

@Article{kosik2015numerical,
  Title                    = {Numerical simulation of the interaction between a nonlinear elastic structure and compressible flow by the discontinuous Galerkin method},
  Author                   = {Kosík, Adam and Feistauer, Miloslav and Hadrava, Martin and Horáček, Jaromír},
  ISSN                     = {0096-3003},
  Journal                  = {Applied Mathematics and Computation},
  Pages                    = {382--396},
  Volume                   = {267},
  Year                     = {2015},

  File                     = {:hlasivky/kosik2015.pdf:PDF},
  Publisher                = {Elsevier}
}

@InCollection{kosik2011numerical,
  Title                    = {Numerical simulation of interaction of human vocal folds and fluid flow},
  Author                   = {Kosík, A and Feistauer, M and Horáček, J and Sváček, P},
  Booktitle                = {Vibration Problems ICOVP 2011},
  Publisher                = {Springer},
  Year                     = {2011},
  Pages                    = {765--771},

  File                     = {:hlasivky/kosik-et-al.pdf:PDF},
  ISBN                     = {0930-8989}
}

@Book{Elportal852835,
  Title                    = {Fonetika a fonologie [online]},
  Author                   = {Krčmová, Marie},
  Location                 = {Brno},
  Publisher                = {Masarykova univerzita},
  Year                     = {2009 [cit. 2016-05-06]},
  Edition                  = {3. vyd.},
  Series                   = {Elportál},

  City                     = {Brno},
  ISSN                     = {1802-128X},
  Url                      = {Dostupné z WWW <http://is.muni.cz/elportal/?id=852835>}
}

@Misc{laneycomputational,
  Title                    = {Computational gasdynamics. 1998},

  Author                   = {Laney, Culbert B},

  Publisher                = {Cambridge University Press, Cambridge}
}

@Book{logan2011first,
  Title                    = {A first course in the finite element method},
  Author                   = {Logan, Daryl},
  ISBN                     = {978-1-305-63511-1},
  Location                 = {Boston},
  Publisher                = {Cengage Learning},
  Year                     = {2011}
}

@Manual{ElmerProgrammersManual,
  Title                    = {Elmer Programmer’s Tutorial},
  Author                   = {Lyly, Mikko and Malinen, Mika and Råback, Peter},
  Month                    = {November},
  Note                     = {CSC -- IT Center for Excellence},
  Year                     = {2013},

  File                     = {:elmer/ElmerDocumentation/ElmerProgrammersTutorial.pdf:PDF},
  Owner                    = {jakub},
  Timestamp                = {2014.02.28},
  Url                      = {ftp://nic.funet.fi/index/elmer/doc/ElmerProgrammersTutorial.pdf}
}

@PhdThesis{Madlik2010,
  Title                    = {Interaction of a Fluid Flow with an Elastic Body},
  Author                   = {Mádlik, M.},
  Year                     = {2010},
  Note                     = {Dizertační práce na Matematicko-fyzikální fakultě UK v Praze, Česká republika},

  Institution              = {Univerzita Karlova v Praze},
  Owner                    = {jakub},
  Timestamp                = {2014.02.28},
  Url                      = {https://is.cuni.cz/webapps/zzp/detail/42395/}
}

@PhdThesis{Maierova2013,
  Title                    = {Evolution of the Bohemian Massif: Insights from numerical modeling},
  Author                   = {Maierová, Petra},
  Year                     = {2013},
  Note                     = {Dizertační práce na Matematicko-fyzikální fakultě UK v Praze, Česká republika},

  Institution              = {Univerzita Karlova v Praze},
  Owner                    = {jakub},
  Pagetotal                = {148},
  Timestamp                = {2014.12.25},
  Url                      = {https://is.cuni.cz/webapps/zzp/detail/60130/}
}

@Book{markert2010weak,
  Title                    = {Weak or strong: on coupled problems in continuum mechanics},
  Author                   = {Markert, Bernd},
  Editor                   = {Ehlers, W.},
  ISBN                     = {3-937399-20-8},
  Location                 = {Stuttgart},
  Publisher                = {Universität Stuttgart},
  Year                     = {2010},
  Note                     = {Habilitační práce na Universität Stuttgart, Německo},

  File                     = {:numerika/Habilitation_Markert_OPUS.pdf:PDF},
  Url                      = {http://www.mechbau.uni-stuttgart.de/ls2/Organisation/mitarbeiter/ehemalige/markert/Files/Markert10_Habil.pdf}
}

@Electronic{Martinec2003,
  Title                    = {Continuum mechanics. Lecture notes},
  Author                   = {Martinec, Z},
  Url                      = {http://geo.mff.cuni.cz/vyuka/Martinec-ContinuumMechanics.pdf},
  Year                     = {2003},

  ISBN                     = {nepřiděleno},
  Location                 = {Praha},
  Owner                    = {jakub},
  Publisher                = {Charles University. Faculty of Mathematics and Physics. Department of Geophysics},
  Timestamp                = {2014.02.28}
}

@Manual{elmerolduserguide,
  Title                    = {Elmer User's Guide. Draft},
  Author                   = {Martti, Verho and Ruokolainen, Juha and Malinen, Jouni and Kallberg, Petri and Järvinen, Jari and Hakula, Harri},
  Organization             = {CSC -- IT Center for Excellence},
  Year                     = {1999},

  File                     = {:elmer/ElmerDocumentation/OldElmerUserguide.pdf:PDF},
  Owner                    = {jakub},
  Timestamp                = {2016.03.06},
  Url                      = {http://www.nic.funet.fi/pub/sci/physics/elmer/doc/old/OldElmerUserguide.pdf}
}

@Article{mattheus2011asymmetric,
  Title                    = {Asymmetric glottal jet deflection: Differences of two-and three-dimensional models},
  Author                   = {Mattheus, Willy and Brücker, Christoph},
  ISSN                     = {0001-4966},
  Journal                  = {The Journal of the Acoustical Society of America},
  Number                   = {6},
  Pages                    = {EL373--EL379},
  Volume                   = {130},
  Year                     = {2011},

  Publisher                = {Acoustical Society of America}
}

@Electronic{Matyska2005,
  Title                    = {Selected Chapters from the Theory of Partial Differential Equations. [Poznámky k přednášce.]},
  Author                   = {Matyska, C.},
  Url                      = {http://geo.mff.cuni.cz/vyuka/Matyska-PDE.pdf},
  Year                     = {2005},

  ISBN                     = {nepřiděleno},
  Location                 = {Praha},
  Owner                    = {jakub},
  Publisher                = {Charles University in Prague. Faculty of Mathematics and Physics. Department of Geophysics.},
  Timestamp                = {2014.02.28}
}

@Book{mccoy2004your,
  Title                    = {Your Voice: An Inside View},
  Author                   = {McCoy, S.},
  ISBN                     = {978-0-9755307-8-8},
  Location                 = {Princeton},
  Publisher                = {Inside View Press},
  Year                     = {2004},

  Url                      = {http://www.voiceinsideview.com/docs/Phonation.pdf}
}

@InProceedings{mckinney-proc-scipy-2010,
  Title                    = {Data Structures for Statistical Computing in Python},
  Author                   = {McKinney, Wes},
  Booktitle                = { Proceedings of the 9th Python in Science Conference },
  Year                     = { 2010 },
  Editor                   = {van der Walt, Stéfan and Millman, Jarrod},
  Pages                    = {51--56}
}

@Electronic{Michalek2011,
  Title                    = {Konečněprvková 2D formulace vibrací elastické struktury při velkých deformacích},
  Author                   = {Michálek, Jakub},
  Note                     = {Bakalářská práce na Matematicko-fyzikální fakultě UK v Praze, Česká republika},
  Url                      = {http://geo.mff.cuni.cz/theses/2011-Michalek-Bc.pdf},
  Year                     = {2011},

  Owner                    = {jakub},
  Timestamp                = {2014.02.28}
}

@Article{min1995stress,
  Title                    = {Stress-strain response of the human vocal ligament},
  Author                   = {Min, Young B and Titze, Ingo R and Alipour-Haghighi, Fariborz},
  ISSN                     = {0003-4894},
  Journal                  = {Annals of Otology, Rhinology \& Laryngology},
  Number                   = {7},
  Pages                    = {563--569},
  Volume                   = {104},
  Year                     = {1995},

  Publisher                = {SAGE Publications}
}

@Article{mittal2013fluid,
  Title                    = {Fluid dynamics of human phonation and speech},
  Author                   = {Mittal, Rajat and Erath, Byron D and Plesniak, Michael W},
  ISSN                     = {0066-4189},
  Journal                  = {Annual Review of Fluid Mechanics},
  Pages                    = {437--467},
  Volume                   = {45},
  Year                     = {2013},

  File                     = {:hlasivky/horacek/Mittal-AnnuRevFluidMec2013.pdf:PDF},
  Publisher                = {Annual Reviews}
}

@Article{de2003contribution,
  Title                    = {A contribution to simulating a three-dimensional larynx model using the finite element method},
  Author                   = {de Oliveira Rosa, Marcelo and Pereira, José Carlos and Grellet, Marcos and Alwan, Abeer},
  ISSN                     = {0001-4966},
  Journal                  = {The Journal of the Acoustical Society of America},
  Number                   = {5},
  Pages                    = {2893--2905},
  Volume                   = {114},
  Year                     = {2003},

  Publisher                = {Acoustical Society of America}
}

@InCollection{porizkova2011,
  Title                    = {Mathematical Modeling of Flow in Human Vocal Tract},
  Author                   = {Pořízková, Petra and Kozel, Karel and Horáček, Jaromír},
  Booktitle                = {Vibration Problems ICOVP 2011},
  Publisher                = {Springer},
  Year                     = {2011},
  Pages                    = {809--814},

  File                     = {:hlasivky/kosik-et-al.pdf:PDF},
  ISBN                     = {0930-8989}
}

@InCollection{prokopova2011interaction,
  Title                    = {On the Interaction of Compressible Flow and Human Vocal Folds},
  Author                   = {Prokopová, J and Feistauer, M and Horáček, J and Kosík, A and Kučera, V},
  Booktitle                = {Vibration Problems ICOVP 2011},
  Publisher                = {Springer},
  Year                     = {2011},
  Pages                    = {759--764},

  File                     = {:hlasivky/kosik-et-al.pdf:PDF},
  ISBN                     = {0930-8989}
}

@Article{puncocharova2007unsteady,
  Title                    = {An unsteady numerical solution of viscous compressible flows in a channel for low mach numbers},
  Author                   = {Punčochářová, Petra and Kozel, Karel and Horáček, Jaromír and Fürst, Jiří},
  ISSN                     = {0377-0427},
  Journal                  = {Journal of Computational and Applied Mechanics},
  Number                   = {2},
  Pages                    = {175--191},
  Volume                   = {8},
  Year                     = {2007},

  Review                   = {šíření akustických vln se obvykle modeluje samostatně pomocí lineární akustické perturbace - s. 176 při uzávěru glottis se zvyšuje rychlost, čímž by při nestlačitelnosti před uzávěrem šla k nekonečnu - s. 176}
}

@Manual{ElmerGUITutorials,
  Title                    = {Elmer GUI Tutorials},
  Author                   = {Råback, Peter},
  Month                    = {September},
  Note                     = {CSC -- IT Center for Excellence},
  Year                     = {2013},

  File                     = {:elmer/ElmerDocumentation/ElmerTutorials.pdf:PDF},
  Owner                    = {jakub},
  Timestamp                = {2014.02.28},
  Url                      = {http://www.nic.funet.fi/index/elmer/doc/ElmerTutorials.pdf}
}

@Electronic{Elmerforum-1stOrderTime,
  Title                    = {Vyjádření autora programu k implementaci ALE metody v časovém kroku BDF},
  Author                   = {Råback, Peter},
  Language                 = {anglicky},
  Organization             = {CSC},
  Url                      = {http://www.elmerfem.org/forum/viewtopic.php?f=3&t=303&p=4470#p1013},
  Year                     = {2010},

  Owner                    = {jakub},
  Timestamp                = {2016.05.05}
}

@Manual{ElmerModelsDoc2013,
  Title                    = {Elmer Models Manual},
  Author                   = {Råback, Peter and Malinen, Mika and Ruokolainen, Juha and Pursula, Antti and Zwinger, Thomas},
  Month                    = {April},
  Note                     = {CSC -- IT Center for Excellence},
  Year                     = {2015},

  Owner                    = {jakub},
  Timestamp                = {2014.02.28},
  Url                      = {http://www.nic.funet.fi/index/elmer/doc/ElmerModelsManual.pdf}
}

@Article{radolf2014air,
  Title                    = {Air-pressure vocal fold vibration and acoustic characteristics of phonation during vocal exercising. Part 1: Measurement in vivo},
  Author                   = {Radolf, Vojtech and Laukkanen, Anne-Maria and HORÁČEK, J and Liu, Dong},
  ISSN                     = {1802-1484},
  Journal                  = {Engineering Mechanics},
  Number                   = {1},
  Pages                    = {53--59},
  Volume                   = {21},
  Year                     = {2014},

  File                     = {:hlasivky/radolf-transglotální-tlak.pdf:PDF}
}

@InCollection{rannacher2008methods,
  Title                    = {Methods for numerical flow simulation},
  Author                   = {Rannacher, Rolf},
  Booktitle                = {Hemodynamical Flows},
  Publisher                = {Springer},
  Year                     = {2008},
  Pages                    = {275--332},

  File                     = {:math/Heywood_Rannacher_Turek.pdf:PDF;:numerika/ScienceDirect/Rannacher_2007.pdf:PDF},
  ISBN                     = {978-3-7643-7805-9},
  Location                 = {Basel}
}

@Article{rannacher1996artificial,
  Title                    = {Artificial Boundaries and Flux and Pressure},
  Author                   = {Rannacher, Rolf},
  ISSN                     = {1097-0363},
  Journal                  = {International Journal for Numerical Methods in Fluids},
  Pages                    = {325--352},
  Volume                   = {22},
  Year                     = {1996}
}

@Manual{ElmerSolver,
  Title                    = {Elmer Solver Manual},
  Author                   = {Ruokolainen, Juha and Malinen, Mika and Råback, Peter and Zwinger, Thomas and Pursula, Antti and Byckling, Mikko},
  Month                    = {November},
  Note                     = {CSC -- IT Center for Excellence},
  Year                     = {2014},

  Owner                    = {jakub},
  Timestamp                = {2014.02.28},
  Url                      = {http://www.nic.funet.fi/index/elmer/doc/ElmerSolverManual.pdf}
}

@Electronic{elmerfemrepo,
  Title                    = {Official git repository of Elmer FEM software},
  Author                   = {Ruokolainen, Juha and others},
  Note                     = {CSC -- IT Center for Excellence},
  Url                      = {https://github.com/ElmerCSC/elmerfem},
  Year                     = {2016},

  Owner                    = {jakub},
  Timestamp                = {2016.03.06}
}

@InCollection{schafer1996benchmark,
  Title                    = {Benchmark computations of laminar flow around a cylinder},
  Author                   = {Schäfer, Michael and Turek, Stefan and Durst, Franz and Krause, Egon and Rannacher, Rolf},
  Booktitle                = {Flow Simulation with High-Performance Computers II},
  Publisher                = {NNFM Vieweg},
  Year                     = {1996},
  Chapter                  = {Benchmark computations of laminar flow around a cylinder},
  Editor                   = {Hirschel, E H},
  Volume                   = {52},

  ISSN                     = {0179-9614},
  Location                 = {Wiesbaden}
}

@Article{scherer2001intraglottal,
  Title                    = {Intraglottal pressure profiles for a symmetric and oblique glottis with a divergence angle of 10 degrees},
  Author                   = {Scherer, Ronald C and Shinwari, Daoud and De Witt, Kenneth J and Zhang, Chao and Kucinschi, Bogdan R and Afjeh, Abdollah A},
  ISSN                     = {0001-4966},
  Journal                  = {The Journal of the Acoustical Society of America},
  Number                   = {4},
  Pages                    = {1616--1630},
  Volume                   = {109},
  Year                     = {2001},

  Publisher                = {Acoustical Society of America}
}

@Manual{Scovazzi2007,
  Title                    = {Lecture Notes on Continuum Mechanics Mechanics on Arbitrary Moving Domains},
  Author                   = {Scovazzi, G. and Hughes, T. J. R.},
  Note                     = {Technical Report SAND-2007-6312P},
  Year                     = {2007},

  Location                 = {Aluquerque},
  Owner                    = {jakub},
  Publisher                = {Sandia National Laboratories},
  Timestamp                = {2014.02.28}
}

@PhdThesis{Sidlof2007,
  Title                    = {Fluid-Structure Interaction in Human Vocal Folds},
  Author                   = {Šidlof, P.},
  Year                     = {2007},
  Note                     = {Dizertační práce na Matematicko-fyzikální fakultě UK v Praze, Česká republika},

  Institution              = {Charles University},
  Location                 = {Praha},
  Owner                    = {jakub},
  Timestamp                = {2014.02.28},
  Url                      = {https://tel.archives-ouvertes.fr/pastel-00002366/document}
}

@Article{sidlof2013parallel,
  Title                    = {Parallel CFD simulation of flow in a 3D model of vibrating human vocal folds},
  Author                   = {Šidlof, Petr and Horáček, Jaromír and Řidký, Václav},
  ISSN                     = {0045-7930},
  Journal                  = {Computers \& Fluids},
  Pages                    = {290--300},
  Volume                   = {80},
  Year                     = {2013},

  File                     = {:numerika/sidlof-paralel-cfd-vocal-folds.pdf:PDF},
  Publisher                = {Elsevier}
}

@Article{vsidlof2008geometry,
  Title                    = {Geometry of human vocal folds and glottal channel for mathematical and biomechanical modeling of voice production},
  Author                   = {Šidlof, Petr and Švec, Jan G and Horáček, Jaromír and Veselý, Jan and Klepáček, Ivo and Havlík, Radan},
  ISSN                     = {0021-9290},
  Journal                  = {Journal of Biomechanics},
  Number                   = {5},
  Pages                    = {985--995},
  Volume                   = {41},
  Year                     = {2008},

  Publisher                = {Elsevier}
}

@Book{solin2003higher,
  Title                    = {Higher-order finite element methods},
  Author                   = {Solin, Pavel and Segeth, Karel and Dolezel, Ivo},
  ISBN                     = {1-58488-438-X},
  Location                 = {Boca Raton},
  Publisher                = {Chapman \& Hall/CRC},
  Year                     = {2003}
}

@Booklet{Soucek2012,
  Title                    = {A brief introduction to fluid structure interaction. [Poznámky k semináři.]},
  Author                   = {Souček, O.},
  Note                     = {Karlova Univerzita v Praze. Matematicko-fyzikální fakulta. Katedra geofyziky.},
  Year                     = {2012},

  Location                 = {Praha},
  Owner                    = {jakub},
  Timestamp                = {2014.02.28},
  Url                      = {http://geo.mff.cuni.cz/jednooci_slepym/os-FSI-intro.pdf}
}

@Article{story2002overview,
  Title                    = {An overview of the physiology, physics and modeling of the sound source for vowels.},
  Author                   = {Story, Brad H},
  ISSN                     = {1346-3969},
  Journal                  = {Acoustical Science and Technology},
  Number                   = {4},
  Pages                    = {195--206},
  Volume                   = {23},
  Year                     = {2002},

  File                     = {:hlasivky/story_asj.pdf:PDF}
}

@InCollection{vsvancara2011fe,
  Title                    = {FE modelling of the fluid-structure-acoustic interaction for the vocal folds self-oscillation},
  Author                   = {Švancara, Pavel and Horáček, J and Hrůza, V},
  Booktitle                = {Vibration Problems ICOVP 2011},
  Publisher                = {Springer},
  Year                     = {2011},
  Pages                    = {801--807},

  File                     = {:hlasivky/kosik-et-al.pdf:PDF},
  ISBN                     = {0930-8989}
}

@Article{vsvec1996videokymography,
  Title                    = {Videokymography: high-speed line scanning of vocal fold vibration},
  Author                   = {Švec, Jan G and Schutte, Harm K},
  ISSN                     = {0892-1997},
  Journal                  = {Journal of Voice},
  Number                   = {2},
  Pages                    = {201--205},
  Volume                   = {10},
  Year                     = {1996},

  Publisher                = {Elsevier}
}

@Article{thomson2005aerodynamic,
  Title                    = {Aerodynamic transfer of energy to the vocal folds},
  Author                   = {Thomson, Scott L and Mongeau, Luc and Frankel, Steven H},
  ISSN                     = {0001-4966},
  Journal                  = {The Journal of the Acoustical Society of America},
  Number                   = {3},
  Pages                    = {1689--1700},
  Volume                   = {118},
  Year                     = {2005},

  Publisher                = {Acoustical Society of America}
}

@InProceedings{thomson2011self,
  Title                    = {Self-oscillating, multi-layer numerical and artificial vocal fold models with thin epithelial and loose cover layers},
  Author                   = {Thomson, Scott L and Murray, Preston R},
  Booktitle                = {Models and analysis of vocal emissions for biomedical applications: 7th international workshop: August 25-27, 2011},
  Year                     = {2011},
  Editor                   = {Manfredi, Claudia},
  Pages                    = {57--60},
  Publisher                = {Firenze University Press},

  ISBN                     = {978-88-6655-009-9}
}

@Book{titze2006myoelastic,
  Title                    = {The myoelastic aerodynamic theory of phonation},
  Author                   = {Titze, Ingo R and Alipour, Fariborz},
  ISBN                     = {0-87414-122-2},
  Location                 = {Denver},
  Publisher                = {National Center for Voice and Speech},
  Year                     = {2006}
}

@InCollection{turek2006proposal,
  Title                    = {Proposal for numerical benchmarking of fluid-structure interaction between an elastic object and laminar incompressible flow},
  Author                   = {Turek, Stefan and Hron, Jaroslav},
  Booktitle                = {Fluid-Structure Interaction},
  Publisher                = {Springer},
  Year                     = {2006},
  Editor                   = {Bungartz, H.- J. and Schäfer, M.},
  Pages                    = {371--385},
  Series                   = {Lecture Notes in Computational Science and Engineering},
  Volume                   = {53},

  Location                 = {Berlin Heidelberg},
  Url                      = {http://adhesion.ucd.ie/ccm/CCM_II_files/Hron%20Turek%20Benchmark.pdf}
}

@PhdThesis{ulvrova2012dynamics,
  Title                    = {Dynamics of fluids and transport applied to the early Earth},
  Author                   = {Ulvrová, Martina},
  Year                     = {2012},
  Note                     = {Dizertační práce na Ecole normale supérieure de lyon-ENS LYON, Francie},

  Url                      = {https://tel.archives-ouvertes.fr/tel-00776472/file/ULVROVA_Martina_2012_These_VD.pdf}
}

@InProceedings{valavsek2016numerical,
  Title                    = {Numerical Simulation of Interaction of Fluid Flow and Elastic Structure Modelling Vocal Fold},
  Author                   = {Valášek, Jan and Sváček, Petr and Horáček, Jaromír},
  Booktitle                = {Applied Mechanics and Materials},
  Year                     = {2016},
  Organization             = {Trans Tech Publ},
  Pages                    = {693--700},
  Volume                   = {821}
}

@InProceedings{valavsek2015numerical,
  Title                    = {Numerical simulation of fluid-structure interaction represented by human vocal folds in airflow},
  Author                   = {Valášek, Jan and Sváček, P. and Horáček, J.},
  Booktitle                = {EPJ Web of Conferences},
  Year                     = {2015}
}

@InProceedings{Vampola2008,
  Title                    = {Prediction of Impact Stress in Human Vocal Folds During Collisions Using a 3D FE Model of the Larynx},
  Author                   = {Vampola, T. and Horáček, J. and Klepáček, I.},
  Booktitle                = {ICVPB 2008 The 6th International Conference on Voice Physiology and Biomechanics, Tampere, Findland},
  Year                     = {2008},

  Journal                  = {ICVPB 2008},
  Owner                    = {jakub},
  Timestamp                = {2016.05.04}
}

@Article{van1958myoelastic,
  Title                    = {Myoelastic-aerodynamic theory of voice production},
  Author                   = {Van den Berg, Janwillem},
  ISSN                     = {0022-4685},
  Journal                  = {Journal of speech and hearing research},
  Number                   = {1},
  Pages                    = {227--44},
  Year                     = {1958}
}

@Article{van2011numpy,
  Title                    = {The NumPy array: a structure for efficient numerical computation},
  Author                   = {Van Der Walt, Stefan and Colbert, S Chris and Varoquaux, Gael},
  ISSN                     = {1521-9615},
  Journal                  = {Computing in Science \& Engineering},
  Number                   = {2},
  Pages                    = {22--30},
  Volume                   = {13},
  Year                     = {2011},

  Publisher                = {AIP Publishing}
}

@Article{welch1967use,
  Title                    = {The use of fast Fourier transform for the estimation of power spectra: A method based on time averaging over short, modified periodograms},
  Author                   = {Welch, Peter D},
  ISSN                     = {0018-9278},
  Journal                  = {IEEE Transactions on audio and electroacoustics},
  Number                   = {2},
  Pages                    = {70--73},
  Volume                   = {15},
  Year                     = {1967}
}

@Misc{wiki:xxx,
  Title                    = {Finite strain theory --- Wikipedia, The Free Encyclopedia},

  Author                   = {Wikipedia},
  Note                     = {[Online; accessed 5-December-2015]},
  Year                     = {2015},

  Url                      = {https://en.wikipedia.org/w/index.php?title=Finite_strain_theory&oldid=692440133}
}

@Article{xue2011sensitivity,
  Title                    = {Sensitivity of vocal fold vibratory modes to their three-layer structure: Implications for computational modeling of phonation},
  Author                   = {Xue, Q and Zheng, X and Bielamowicz, S and Mittal, R},
  Journal                  = {The Journal of the Acoustical Society of America},
  Number                   = {2},
  Pages                    = {965--976},
  Volume                   = {130},
  Year                     = {2011},

  Publisher                = {Acoustical Society of America},
  Url                      = {http://engineering.jhu.edu/fsag/wp-content/uploads/sites/23/2014/06/JAS000965.pdf}
}

@Article{zheng2009computational,
  Title                    = {A computational study of the effect of false vocal folds on glottal flow and vocal fold vibration during phonation},
  Author                   = {Zheng, Xudong and Bielamowicz, Steve and Luo, Haoxiang and Mittal, Rajat},
  ISSN                     = {0090-6964},
  Journal                  = {Annals of Biomedical Engineering},
  Number                   = {3},
  Pages                    = {625--642},
  Volume                   = {37},
  Year                     = {2009},

  Publisher                = {Springer}
}

@Article{zheng2011direct,
  Title                    = {Direct-numerical simulation of the glottal jet and vocal-fold dynamics in a three-dimensional laryngeal model},
  Author                   = {Zheng, X and Mittal, R and Xue, Q and Bielamowicz, S},
  ISSN                     = {0001-4966},
  Journal                  = {The Journal of the Acoustical Society of America},
  Number                   = {1},
  Pages                    = {404--415},
  Volume                   = {130},
  Year                     = {2011},

  Publisher                = {Acoustical Society of America}
}

@Article{zorner2013investigation,
  Title                    = {Investigation of prescribed movement in fluid--structure interaction simulation for the human phonation process},
  Author                   = {Zörner, S and Kaltenbacher, M and Döllinger, M},
  ISSN                     = {0045-7930},
  Journal                  = {Computers \& Fluids},
  Pages                    = {133--140},
  Volume                   = {86},
  Year                     = {2013},

  Publisher                = {Elsevier}
}

@Book{Benninger2016,
  Title                    = {The Performer's Voice},
  Editor                   = {Benninger, M. S. and Murry, T and Jonhns, M. M.},
  ISBN                     = {978-1-59756-543-1},
  Location                 = {San Diego},
  Publisher                = {Plural Publishing Inc.},
  Year                     = {2015},
  Edition                  = {2nd Edition},

  Owner                    = {jakub},
  Timestamp                = {2015.11.14}
}

@Book{bodnar2014fluid,
  Title                    = {Fluid-Structure Interaction and Biomedical Applications},
  Editor                   = {Bodnár, Tomáš and Galdi, Giovanni P and Nečasová, Šárka},
  ISBN                     = {978-3-0348-0821-7},
  Location                 = {Basel},
  Publisher                = {Springer},
  Year                     = {2014},

  Journal                  = {Advances in Mathematical Fluid Mechanics}
}

@Book{Redford,
  Title                    = {The Handbook of Speech Production},
  Editor                   = {Redford, Melisa A.},
  ISBN                     = {978-0-470-65993-9},
  Location                 = {Chichester (UK)},
  Publisher                = {Wiley Blackwell},
  Year                     = {2015},

  Owner                    = {jakub},
  Timestamp                = {2015.11.20}
}

@Book{GrayAnatomy2015,
  Title                    = {Gray's Anatomy},
  Editor                   = {Standring, Susan},
  ISBN                     = {978-0-7020-5230-9},
  Location                 = {New York},
  Publisher                = {Elsevier},
  Year                     = {2015},
  Edition                  = {41st Edition},

  File                     = {:anatomie/Susan Standring-Gray's Anatomy_ The Anatomical Basis of Clinical Practice-Elsevier (c2016).pdf:PDF},
  Owner                    = {jakub},
  Timestamp                = {2015.11.29}
}

@Book{Titze1993,
  Title                    = {Vocal Fold Physiology: Frontiers in Basic Science},
  Editor                   = {Titze, Ingo R.},
  ISBN                     = {978-1879105867},
  Location                 = {San Diego},
  Publisher                = {Singular Pub Group},
  Year                     = {1993},

  Owner                    = {jakub},
  Timestamp                = {2015.12.05}
}

